1883 2387
287 126 315 190 8

227 235 476 282 exhilararet.
515 238 583 280 16.
648 240 731 281 Hic
763 238 1031 294 Aristophanis
1058 240 1215 280 animus·
1240 247 1286 280 vt·
1306 250 1357 279 ex
1379 237 1520 293 mytho
1542 237 1629 293 ipso
1651 236 1705 280 fa·

228 301 305 342 cile
333 297 589 353 intelligitur,
612 302 664 341 ita
686 303 806 342 etiam
830 314 881 341 ex
904 298 1053 356 reliqua
1078 302 1165 341 eius
1185 301 1368 342 oratione
1396 296 1704 342 luculentiffime

230 359 370 403 clucet.
446 363 583 403 Nemo
626 375 734 403 nunc
767 359 981 412 dubitabit,
1023 362 1123 419 quin
1152 358 1305 404 indoles
1337 360 1463 416 mythi
1494 371 1609 402 antea
1640 359 1705 403 de-

229 423 372 477 scripta
410 424 577 476 iugenio
617 423 886 477 Aristophanis
925 422 1248 474 accommodata,
1288 433 1408 478 atque
1443 422 1546 465 adeo
1586 432 1708 464 notae

229 481 404 526 Platonis
435 480 661 538 diligentiae
689 481 922 539 exemplum
952 481 1001 525 sit
1032 481 1309 535 clarissimum,
1343 484 1414 540 qui
1436 482 1600 541 quidem
1627 496 1710 540 pet·

231 546 344 590 sonas
374 541 634 599 dialogorum
665 547 718 588 ita
748 542 850 587 solet
878 545 1027 597 sistere,
1051 556 1090 587 vt
1115 556 1267 601 partes,
1288 557 1388 600 quas
1410 556 1555 602 agunt,
1583 543 1633 586 ab
1655 547 1710 587 ine

232 609 360 663 geniis
396 605 569 661 ipsarum
609 619 690 647 non
718 604 798 647 sint
831 604 993 651 alienae,
1041 615 1111 662 1¹7,
1182 606 1433 667 Qomodo.
1584 608 1711 661 aptius

232 679 369 711 mores
406 668 565 709 Comici
596 668 767 723 exprimi
799 678 1002 723 poterant,
1032 680 1158 724 quam
1188 668 1260 720 ita,
1291 677 1334 710 vt
1364 665 1405 709 id
1434 665 1479 713 so
1499 680 1562 725 „a
1593 669 1711 709 orati-

233 744 314 773 one
346 729 480 771 facere
510 724 734 781 iuberetu'r‚
766 729 875 787 quod
899 727 1031 772 vine’ta
1053 730 1183 771 facere
1203 603 1712 832 consueueraffiotum

236 791 312 843 est,
357 789 590 832 comoedias
619 793 706 833 eius
735 793 836 833 iocis
870 788 1004 846 plenas
1043 788 1119 832 esse
1150 790 1190 832 &
1219 789 1266 832 ad
1300 792 1424 833 risum
1588 787 1714 832 ndum

235 851 413 897 idoneas.
488 854 570 893 Iam
593 854 682 910 quis
708 852 783 903 cst,
807 854 874 910 qui
903 866 985 895 non
1017 851 1176 904 sentiat,
1215 850 1389 894 eundem
1421 850 1578 895 iocandi
1607 865 1716 897 amor

238 927 325 956 rem
354 925 595 968 argumento
625 914 665 953 ὅ(
700 915 953 955 exornationi
984 914 1114 968 mythi
1145 910 1277 955 inesse.
1316 918 1385 963 18.
1447 915 1574 955 Porro
1612 915 1715 955 inter

1511 987 1654 1027 onmes

248 1145 296 1177 16.
320 1141 371 1174 Ad
395 1139 612 1173 illustrandum
635 1139 696 1172 hoc
720 1139 758 1172 de
775 1141 908 1173 Socratis
932 1141 960 1172 ἃ
984 1138 1198 1182 Aristophanis
1221 1139 1339 1183 mythis
1360 1141 1497 1183 totisque
1521 1141 1715 1174 orationibus

335 1185 491 1218 iudicium
515 1195 584 1217 non
605 1183 722 1227 finguli
743 1186 806 1217 Ioci
832 1184 1005 1222 sufficiunt,
1028 1183 1080 1216 sed
1104 1192 1187 1216 totae
1206 1185 1361 1217 orationes
1382 1185 1547 1228 ponderari
1570 1186 1695 1219 debent.

246 1294 297 1327 17.
324 1285 375 1317 Sic
397 1282 602 1327 Eryximachi
626 1283 726 1315 oratio
752 1283 844 1326 plane
867 1283 911 1315 ita
933 1282 1064 1315 conflas
1089 1281 1147 1320 est,
1176 1290 1209 1315 vt
1230 1281 1311 1315 nihil
1334 1283 1363 1315 ei
1386 1283 1480 1316 ineffe
1510 1284 1715 1327 intelligatur,

336 1329 425 1372 quod
455 1329 587 1370 ingenio
620 1329 703 1360 illius
734 1330 879 1370 vitaeque
911 1329 1020 1370 generi
1043 1336 1213 1370 repugnet.
1257 1329 1307 1360 Ex
1331 1327 1457 1360 historia
1481 1330 1566 1360 enim
1592 1327 1718 1367 constat,

337 1384 413 1405 eum
444 1372 545 1404 filium
569 1372 658 1405 fuisse
690 1374 849 1403 Acumeni
873 1372 1006 1411 medici,
1043 1370 1208 1415 ipfiunque
1232 1372 1336 1404 eidem
1361 1373 1417 1404 arti
1441 1384 1568 1415 operam
1593 1373 1720 1407 dedisse.

336 1419 441 1454 Hinc,
465 1427 564 1458 quum
582 1418 715 1459 quisque
732 1416 787 1448 suo
806 1417 887 1448 vitae
911 1428 1026 1459 genere
1050 1415 1362 1455 delestmt„oratio
1386 1418 1453 1449 eius
1477 1420 1618 1450 continet
1637 1429 1724 1461 prae·

337 1471 426 1505 cepta
457 1462 620 1493 diaetctica
646 1463 744 1503 (cap.
777 1462 828 1498 IV,
862 1461 915 1502 ς.)
952 1463 980 1493 &
1012 1460 1296 1512 omuim'ssiffssmini
1326 1463 1448 1504 magis,
1472 1473 1568 1504 quum
1586 1463 1721 1500 medico,

339 1507 500 1540 conuenit.
547 1506 696 1538 Similiter
709 1506 798 1538 Plato
828 1507 924 1538 etiam
947 1501 1314 1550 Agathonis‘ssngenium
1338 1514 1431 1549 atque
1456 1505 1626 1539 difflonem
1649 1519 1721 1540 vere

340 1552 460 1585 studuit
491 1551 640 1583 exhibere
671 1560 765 1593 atque
795 1552 921 1583 imitari.
984 1552 1090 1588 Nam,
1114 1558 1147 1583 vt
1169 1561 1208 1582 ex
1232 1550 1395 1583 Athenaeo
1415 1560 1516 1595 patet,
1539 1552 1722 1594 ingeniosus

341 1597 439 1631 videri
469 1597 586 1634 voluit,
624 1596 864 1639 cumulauitque
901 1594 1017 1629 isocola
1047 1597 1077 1627 ἀ
1113 1595 1271 1628 antitheta.
1328 1595 1447 1628 Eadem
1488 1596 1621 1640 quaefita
1651 1597 1723 1642 styli

340 1641 485 1675 venustas
518 1642 678 1675 invenitur
711 1643 805 1674 etiam
837 1642 870 1674 iu
898 1642 954 1681 iis,
987 1652 1068 1684 quae
1091 1638 1130 1673 ab
1153 1641 1322 1684 Agathone
1353 1642 1387 1673 iu
1418 1642 1571 1675 honorem
1595 1645 1722 1676 Amoris

340 1690 394 1728 (c.
434 1688 544 1720 XVIII.
580 1688 734 1728 XVIIII.)
764 1686 974 1729 proferuntur.
1037 1685 1158 1718 Eodem
1188 1686 1286 1719 modo
1318 1687 1451 1718 Socratis
1484 1688 1512 1719 ὃ(
1553 1688 1726 1720 Alcibiadis

344 1733 501 1765 oratione·
530 1730 667 1774 ipsorum
693 1732 831 1773 ingeniis
862 1732 1069 1764 conueniunt.
1132 1732 1182 1763 De
1212 1732 1428 1773 reliquorum,
1448 1731 1627 1765 Phaedri&
1651 1735 1726 1766 Pau-

344 1776 465 1813 saniae,
488 1776 683 1808 orationibus
713 1776 792 1808 nihil
815 1775 979 1813 adiiciam,
1004 1782 1109 1818 'quum
1135 1775 1169 1807 hi
1197 1786 1265 1808 non
1294 1776 1338 1807 ita
1360 1776 1429 1807 noti
1450 1775 1509 1808 {int
1532 1787 1570 1808 ex
1592 1777 1728 1815 historia,

345 1831 378 1855 vt
402 1830 487 1854 certo
510 1821 649 1853 iudicare
671 1821 840 1864 poffimus,
864 1832 905 1854 an
929 1822 1084 1854 orationes
1107 1821 1245 1864 ingeniis
1262 1831 1373 1854 eorum
1389 1820 1448 1853 sint
1465 1822 1728 1863 acceininoddtaq,

261 1929 312 1961 ιε.
335 1921 463 1955 locandi
494 1920 648 1953 lubidinis
678 1919 806 1963 vestigia
837 1919 980 1963 impressa
1010 1918 1082 1952 sunt
1103 1932 1130 1953 v.
1154 1931 1180 1954 c.
1204 1931 1269 1964 cap.
1290 1921 1369 1958 XV,
1394 1931 1425 1953 2.
1449 1921 1503 1953 vbi
1526 1921 1564 1955 de
1587 1931 1678 1955 motu
1701 1924 1730 1955 8(

347 1966 467 2000 incessu
495 1967 699 2008 antiquomm
729 1966 895 1998 hominum
928 1964 1028 1997 sermo
1059 1965 1122 2003 est;
1152 1976 1216 2008 cap.
1248 1967 1316 1998 xv:
1347 1976 1380 2004 3.
1412 1965 1465 1999 vbi
1487 1965 1578 1999 sefflo
1602 1969 1730 2000 illorum

349 2012 483 2044 ridiculo
515 2010 613 2043 modo
644 2009 828 2042 describitur
837 2021 846 2048 ;
875 2020 941 2053 cap.
974 2011 1042 2044 XV.
1068 2020 1097 2049 3.
1123 2018 1189 2042 ext.
1214 2011 1242 2042 ὃ(
1265 2020 1308 2049 4,
1331 2010 1385 2043 vbi
1406 2010 1540 2043 inuerfio
1565 2013 1672 2055 capitis
1696 2013 1731 2044 il·

348 2058 454 2089 lorum
477 2066 532 2098 per
554 2055 735 2098 Apollinem
760 2063 938 2094 enarratum
958 2065 1024 2098 cap.
1045 2057 1128 2087 XVI.
1156 2065 1205 2087 11.
1227 2055 1293 2094 ,vbi
1314 2055 1353 2088 de
1384 2053 1518 2088 seffione
1541 2056 1644 2088 rurssn
1668 2067 1731 2088 me-

351 2100 479 2136 menda,
503 2099 558 2131 nifi
583 2101 617 2131 in
639 2099 714 2131 deos
738 2099 870 2131 modesti
889 2099 958 2131 satis
980 2101 1155 2136 fuerimus,
1179 2100 1301 2131 dicitur.
1357 2101 1461 2132 Etiam
1493 2102 1544 2132 alii
1567 2102 1630 2133 loci
1652 2101 1732 2133 hanc

352 2145 386 2177 in
410 2156 477 2178 rem
499 2143 618 2177 laudari
641 2144 782 2188 possent,
808 2143 864 2177 nili
887 2145 950 2177 iam
973 2143 1144 2184 sufficeret,
1166 2145 1330 2189 primarios
1353 2143 1493 2178 attulisse.
