1883 2387
298 84 355 131 ¹4

229 183 393 231 scholae
424 199 573 243 rogem
595 200 816 245 oremque,
845 185 969 231 velint
990 189 1044 231 ita
1064 182 1412 244 beneuolos‘erga
1434 200 1511 231 nos
1533 186 1714 245 collegas

231 247 472 318 nostrosque
504 246 719 304 discipulos
748 248 790 292 se
823 263 988 304 gerere,
1030 260 1073 291 vt
1098 250 1326 306 frequentes
1358 250 1537 292 intersint
1566 252 1715 293 exami-

231 312 287 352 ni.
349 308 547 365 Equidem
570 307 824 364 collegarum
844 309 885 351 ὃ(
916 322 1015 352 meo
1038 308 1201 352 affirmo
1223 312 1411 381 nomine,
1444 324 1519 354 nos
1542 309 1715 354 benevo-

232 368 397 413 lentiam
420 368 530 412 illam
558 369 781 426 gratissimo
804 369 961 427 semper
980 373 1191 426 agnituros
1212 369 1291 414 effe
1316 373 1475 423 animo,
1506 375 1548 415 in
1577 374 1716 429 primis

236 445 364 488 quum
388 430 486 474 nihil
515 430 634 474 nobis
666 431 880 475 iucundius
910 432 979 482 fit,
1019 442 1143 489 quam
1174 431 1298 489 quod}
1314 429 1444 475 valeat
1470 431 1520 475 ad
1549 435 1717 477 excitan-

236 493 337 535 dum
366 492 697 550 incitandumque
720 490 1007 549 discipulorum
1031 505 1215 545 amorem
1241 495 1400 536 virtutis
1415 491 1720 557 litterarumque

236 553 424 602 studium
456 556 575 596 Hanc
591 565 728 597 autem
743 558 826 597 vim
842 554 1004 597 Vestrae
1025 553 1268 610 praesentiae
1287 553 1503 598 certiffime
1514 552 1723 611 speramus

236 617 338 669 sore,
352 629 483 673 quum
499 628 631 673 neque
647 627 768 669 πτας,
779 628 912 674 neque
928 614 1034 659 fama
1049 615 1213 659 Vestrae
1231 614 1400 672 deroget
1413 613 1648 660 austoritati.
1662 637 1719 648 -

237 680 370 721 Nunc
409 690 575 733 quoque
613 691 738 733 pauca
774 675 824 719 de
855 678 972 720 omni
1000 678 1197 719 examinis
1224 679 1378 728 ratione
1405 676 1641 729 adiicerem,
1671 678 1719 730 fi,

237 749 397 797 praeter
433 736 617 781 aufiores
657 737 697 780 &
733 735 975 795 disciplinas,
1007 739 1127 780 etiam
1156 724 1329 781 modum
1370 735 1464 782 illos
1498 749 1618 797 atque
1647 738 1720 782 has

239 799 506 844 examinando
541 797 751 852 trafiandi,
789 796 918 843 oculis
947 796 1120 842 aliorum
1146 796 1278 842 verbis
1308 798 1502 843 subiicere
1528 797 1723 848 ναίετειιῃ

241 864 387 924 Qum
426 864 552 918 igitur
585 861 667 904 hoc
693 860 783 905 fieri
822 870 1013 920 nequeat,
1051 873 1184 918 quum
1219 859 1404 920 quisque,
1440 863 1509 919 qui
1538 860 1721 915 nostrum

240 923 419 967 tentandi
456 920 669 979 discipulos
706 920 882 965 modum
915 921 1160 976 cognoscere
1196 919 1309 975 velit,
1342 922 1425 978 ipse
1464 924 1635 966 examini
1663 924 1721 998 in-

242 983 382 1029 teresse
412 982 572 1036 debeat,
603 980 722 1040 plane
751 997 773 1025 a
804 981 1071 1039 descriptione
1093 982 1288 1026 examinis
1319 980 1506 1027 abstineo.

540 1144 683 1203 Scripsi
715 1139 916 1187 Gubenae
946 1139 1085 1188 mense
1109 1138 1333 1201 Septembri
1365 1143 1720 1192 Cloloccxclx.

1222 1399 1331 1409 ==========

649 1391 1119 1462 ιιιιπῖιιιιιιιιιιιιιι«ΐῖιιιιιιιιιιιιιιιιιιιιιιιί
1189 1401 1220 1442 ,Γ
