1883 2387
288 133 343 170 12

217 238 350 286 situm.
423 242 536 282 Nam
577 242 644 284 hic
676 241 836 296 mythus
869 243 981 284 omni
1015 239 1173 299 reliquo
1204 239 1326 284 libelli
1358 251 1603 297 argumento
1633 254 1695 296 ap‹

200 299 365 353 ‚tiffime
402 304 616 355 conuenit,
647 317 778 361 neque
808 301 898 345 leue
930 315 1049 362 atque
1082 306 1199 346 inane
1237 302 1548 346 additamentum
1580 300 1697 344 habe-

218 365 252 405 ri
281 362 425 418 potest,
457 377 585 419 quutn
623 367 762 420 partim
798 367 1026 420 primitiam
1056 366 1255 422 Symposii
1283 377 1435 421 partem
1468 364 1700 417 constituat,

217 426 358 480 partim
400 426 522 467 etiam
558 439 639 467 nun
669 425 863 467 mediocri
895 439 989 468 cura
1023 427 1270 483 compositus
1301 427 1360 472 sit.
1402 430 1474 481 28.
1504 445 1561 455 -·
1622 427 1700 467 De-

216 484 311 527 inde
349 486 380 527 sl
417 486 578 540 mythus
615 485 776 528 aliunde
817 487 976 529 haustus
1015 486 1127 540 esset,
1155 487 1266 531 haud
1298 486 1419 531 dubie
1448 489 1614 542 ingenio
1649 491 1699 529 A·

218 545 451 601 ristophanis
482 560 563 589 non
603 549 658 589 ita
694 546 1023 590 accommodatus
1058 546 1172 599 esset,
1209 559 1253 590 vt
1286 548 1372 604 iple
1416 548 1700 604 Aristophanes

217 606 334 650 suum
367 609 581 663 ingenium
612 607 784 666 suosque
815 622 950 652 mores
984 608 1097 668 sequi
1126 608 1338 652 videretur.
1400 611 1440 652 Si
1470 611 1579 652 enim
1612 621 1701 653 om-

220 671 281 713 nis
322 666 458 722 locus,
500 673 662 714 comico
707 670 899 722 tributus,
943 684 1029 714 non
1067 674 1110 714 in
1153 669 1330 714 Platonis
1364 669 1511 728 scripto
1551 669 1701 726 legere-

221 744 307 783 tur,
353 731 385 773 fi
427 733 673 788 compositio
722 735 810 776 eius
856 732 1110 789 Aristophani
1161 733 1236 788 ipsi
1279 730 1540 784 tribueretur,
1578 746 1700 774 nemo

222 806 305 834 non
346 806 442 835 eum
482 793 718 847 agnosceret
749 805 973 837 auctorem.
1039 795 1276 848 Reperimus
1309 795 1352 835 in
1385 807 1437 836 eo
1466 790 1635 836 eandem
1665 807 1701 834 a-

222 855 321 896 nimi
357 851 614 905 hilaritatem,
651 867 758 911 quae
794 856 836 896 in
873 854 995 910 ipsius
1028 853 1178 910 scriptis
1213 852 1399 904 delectat3
1427 853 1527 896 inest
1560 852 1727 903 eadem*

223 917 347 957 animi
384 914 522 958 leuitas
561 918 716 959 ratione
753 914 943 967 deorum,
978 929 1055 974 qua
1085 916 1207 970 ipsius
1235 915 1475 959 comoediae
1505 914 1593 958 sunt
1623 913 1704 970 ple-.

223 990 311 1024 nae.
384 980 558 1034 Apparet
596 980 737 1032 igitur,
786 975 995 1019 Platonem
1024 975 1161 1019 dedita
1196 990 1321 1034 opera
1362 978 1544 1031 mythum
1587 974 1702 1019 illum

223 1042 280 1084 ita
324 1038 495 1089 finxisse,
542 1051 584 1081 vt
626 1037 880 1094 responderet
911 1041 1076 1093 ingenio
1115 1044 1257 1094 poetae
1292 1036 1458 1081 aliunde
1495 1050 1609 1085 noto.
1647 1057 1703 1069 —-

223 1104 351 1145 Porro
383 1103 505 1143 etiam
541 1098 597 1143 ob
640 1100 742 1141 hanc
772 1098 941 1141 caussam
976 1100 1137 1153 mythus
1166 1100 1298 1141 noster
1327 1113 1349 1141 a
1379 1098 1541 1141 Platone
1568 1102 1704 1141 inuen-

225 1176 292 1207 tus
327 1161 410 1206 esse
438 1162 616 1217 videtur,
653 1164 746 1221 quia
783 1162 863 1204 hoc
893 1175 978 1204 non
1008 1160 1143 1204 sumto
1178 1163 1272 1204 varii
1302 1161 1390 1204 loci
1420 1158 1617 1204 lestorcm
1649 1161 1705 1203 of-

224 1223 451 1276 fenderent,
500 1223 568 1266 vbi
616 1237 763 1278 magna
811 1225 1005 1266 orationis
1051 1223 1324 1278 Aristophanis
1368 1226 1564 1265 excitatur
1602 1225 1704 1279 ipes.

226 1288 375 1343 Qum
412 1288 522 1328 enim
564 1284 790 1336 Pausanias,
820 1282 920 1327 alius
951 1285 1144 1335 conuiua,
1177 1281 1311 1327 laudes
1340 1286 1505 1327 Amoris
1533 1281 1705 1326 celebra..

224 1363 269 1392 re
309 1347 499 1398 desiisset,
540 1347 581 1390 ἃ
618 1347 866 1402 Aristophani
896 1359 970 1402 pro
1001 1347 1118 1398 loco,
1140 1358 1265 1402 quem
1295 1344 1473 1396 tenebat,
1505 1342 1625 1389 verba
1654 1345 1707 1388 fa·

227 1409 364 1453 cienda
403 1408 547 1455 eisent:
588 1405 704 1451 Plato
733 1421 828 1450 cum
859 1407 975 1450 finxit
1004 1418 1169 1463 repente
1205 1403 1383 1462 singultu
1423 1405 1623 1459 laborare,
1653 1410 1709 1449 ita

226 1485 270 1515 vt
315 1471 621 1527 Eryximachus,
656 1471 856 1512 Acumeni
893 1466 1019 1519 filius,
1046 1480 1139 1510 ante
1164 1468 1472 1526 Aristophanem
1504 1467 1554 1510 de
1584 1471 1710 1511 Amo-

227 1547 273 1577 re
306 1532 438 1575 dicere
489 1542 719 1586 cogeretur.
770 1541 841 1584 29.
921 1527 1126 1584 Singultus
1166 1541 1302 1571 autem
1339 1526 1409 1570 ille
1444 1527 1550 1571 haud
1587 1527 1707 1572 dubie

229 1609 313 1639 non
350 1595 432 1637 sine
472 1591 604 1635 caussa
642 1606 664 1633 a
700 1589 862 1635 Platone
895 1589 1013 1633 fidius
1051 1589 1124 1642 est,
1166 1589 1231 1633 sed
1263 1587 1519 1647 probabiliter
1546 1589 1707 1634 efficere

230 1661 281 1710 ita
317 1654 489 1706 studuit,
525 1666 567 1696 vt
608 1651 892 1710 Aristophanes
939 1650 1091 1694 ridendi
1129 1652 1382 1695 occasionem
1421 1650 1628 1708 praeberet
1667 1653 1708 1696 ἃ

231 1721 362 1762 oratio
400 1720 486 1760 cius
528 1731 581 1760 eo
617 1714 800 1773 cupidius
837 1711 1139 1772 exspec'iaretur.
1215 1715 1418 1757 Praeterea
1445 1715 1565 1756 etiam
1593 1716 1709 1757 inter-

232 1780 325 1825 iesti
356 1780 580 1830 sermones,
611 1792 716 1837 quos
744 1777 1031 1833 Eryximachus
1054 1775 1171 1819 finito
1200 1778 1362 1819 Amoris
1391 1790 1581 1819 encomio
1612 1792 1707 1833 cum

1507 1837 1652 1881 Aristo-

238 2017 293 2049 ιε.
319 2011 426 2043 Nemo
460 2008 534 2047 erit,
558 2007 614 2050 qui
638 2005 822 2049 diligentem
848 2005 984 2038 Platonis
1008 2014 1114 2037 euram
1136 2015 1202 2038 non
1224 2002 1388 2048 agnoscat,
1412 2013 1512 2048 quum
1535 2005 1709 2044 confilium.

328 2055 415 2098 quod
436 2052 628 2098 propositum
652 2061 737 2089 erat,
760 2062 869 2084 reuera
896 2059 1050 2084 teneatur.

239 2165 295 2195 29·
318 2152 392 2187 vid.
418 2163 443 2185 c.
466 2152 519 2189 xl,
545 2153 575 2185 6.
600 2159 632 2193 7.
665 2157 698 2188 8.
