1883 2387
264 89 333 124 110

213 204 353 236 tonem
383 194 553 239 mouisse
584 197 751 242 videtur.
822 201 959 253 Hace,
989 212 1032 245 vt
1063 214 1159 245 eum
1193 198 1279 247 aliis
1311 214 1433 261 puto,
1474 214 1548 253 20.
1579 219 1697 264 quae-

215 255 333 298 renda
367 257 423 299 est
451 260 492 300 in
523 261 691 314 ingenio
720 262 805 304 eius
838 261 1004 317 pooseos
1027 275 1202 316 amante,
1225 265 1336 322 quod
1360 269 1483 309 etiam
1506 270 1548 309 in
1570 278 1697 313 aetate

217 314 336 368 virili,
365 332 602 379 quanquam
631 324 807 365 numeris
838 323 880 365 ἃ
903 322 1082 367 versibus
1106 322 1309 379 abstinuit,
1330 340 1415 372 non
1436 325 1695 386 planesexuit.

373 476 439 519 De
462 477 639 532 fontibus
665 480 901 536 mythornm
920 477 1093 525 Platonis
1119 483 1164 525 in
1179 477 1415 529 ‘vniuersum
1438 498 1523 529 non
1545 499 1622 530 vna
1645 489 1700 531 vi-

217 551 357 580 rorum
389 537 608 584 doctorum
640 541 694 584 est
727 542 933 589 sententia,
968 556 1040 590 21.
1102 541 1184 587 Alii
1208 547 1316 587 enim
1341 545 1595 602 arbitrantur,
1616 548 1699 591 Pla-

216 610 356 641 tonem
392 599 459 642 sua
497 615 546 643 ex
582 605 790 660 Aegyptiis
820 604 861 647 &
887 604 1169 660 Pythagoraeis
1197 604 1394 661 sumfiffe,
1423 619 1467 652 vt
1495 610 1698 666 Heynius;

218 671 290 706 22.
320 659 383 703 alii
414 674 573 718 putant,
602 663 820 708 nonnullos
850 666 1031 720 mythos,
1062 669 1302 711 nominatim
1334 671 1404 727 qui
1435 669 1487 712 de
1522 671 1637 713 Orco
1655 667 1701 712 'a-

217 733 339 777 gunt,
366 723 525 768 haustos
554 724 629 768 effe
661 740 712 768 ex
743 726 953 783 OrphieiS,
992 739 1035 770 vt
1066 725 1276 779 Wolfius3
1308 742 1379 785 23.
1403 729 1466 773 alii
1489 729 1700 775 nonnullo-

219 797 312 826 rum
342 782 549 830 aud’torem
570 790 777 831 Socratem
802 788 1044 841 existimant,
1072 800 1145 844 24.
1177 787 1242 832 alii
1265 788 1438 849 denique
1459 789 1698 846 religionem

1470 850 1638 910 popula-

223 984 279 1011 20.
302 977 477 1011 Hiittnerus
513 980 548 1012 iu
585 980 695 1023 primis
724 980 824 1012 menti
853 977 1053 1017 obuersatur,
1092 980 1149 1023 qui
1188 979 1317 1023 quidem
1352 991 1418 1014 non
1448 979 1627 1025 lingulatim
1658 982 1698 1016 de

313 1022 417 1055 nostro
450 1024 562 1068 mytho
591 1026 633 1056 ita
660 1025 783 1061 statuit,
814 1023 867 1055 sed
900 1033 1004 1055 tamen
1027 1026 1062 1056 in
1085 1024 1264 1056 vniuersum
1289 1025 1385 1063 dicit,
1408 1026 1536 1069 mythos
1559 1027 1697 1059 Platonis

314 1069 447 1144 iqgenio
480 1070 573 1100 etiam
604 1070 672 1101 eius
702 1068 740 1100 ad
769 1067 877 1111 poesin
900 1068 1034 1110 procliui
1064 1067 1180 1100 deberi.
1211 1079 1238 1100 v.
1260 1068 1385 1101 libellus
1409 1070 1477 1102 eius
1507 1070 1547 1102 de
1577 1070 1697 1114 mythis

314 1113 451 1144 Patonis
473 1123 503 1156 p.
532 1122 581 1151 14.

225 1202 282 1231 u.
304 1195 375 1227 Vid.
408 1196 552 1226 Hiittner.
584 1193 639 1225 lib.
672 1194 693 1225 1.
724 1205 756 1237 p.
792 1203 842 1226 ιι.
872 1192 935 1230 ‚vbi
968 1193 1062 1225 etiam
1085 1192 1159 1234 libri
1181 1192 1370 1235 laudantur,
1394 1193 1511 1237 quibus
1533 1195 1634 1229 var-ine
1659 1174 1700 1229 de

313 1238 456 1273 fontibus
479 1238 663 1283 mythorum
686 1239 823 1271 Platonis
845 1236 1015 1271 sententiae
1035 1235 1152 1271 insunt*

224 1331 280 1356 ιι.
303 1317 429 1353 Exeurfi
451 1320 532 1352 xul.
557 1318 596 1351 ad
619 1318 709 1361 Vir-g.
732 1320 813 1352 Aen.
836 1319 858 1350 1.
880 1319 935 1353 VI.

226 1412 280 1440 23-
303 1400 379 1434 Vid.
402 1399 500 1432 Wolf.
525 1398 709 1432 Ueberficht
732 1399 787 1432 du
810 1397 924 1432 Inhnlts
947 1410 978 1442 p.
1001 1408 1057 1441 72.
1080 1408 1146 1434 not.

228 1492 285 1521 24.
307 1481 380 1513 Vid.
411 1481 496 1513 idem
529 1481 673 1513 H'tinner.
703 1480 758 1512 lib.
786 1481 805 1512 1.
836 1491 866 1523 p.
904 1491 955 1512 10.
987 1480 1052 1517 ,vbi
1074 1480 1224 1512 Meinerfl.
1247 1477 1353 1511 Gesch·
1378 1478 1411 1513 d.
1433 1479 1522 1513 Wiss'.
1544 1482 1586 1516 T.
1609 1482 1643 1519 Π,
1667 1494 1698 1526 p.

317 1536 397 1565 4²0·
427 1534 493 1557 not.
524 1525 682 1558 laudatur.
714 1526 800 1556 Haec
822 1524 990 1562 sententia,
1012 1534 1195 1567 quanquam
1217 1522 1330 1560 habet,
1353 1534 1417 1567 quo
1440 1526 1573 1563 nitatur,
1597 1537 1698 1569 quum

318 1573 416 1605 multa
447 1572 482 1603 in
510 1570 647 1602 Platonis
676 1569 795 1613 seriptis
825 1581 842 1602 e
865 1571 1021 1603 Socratico
1043 1569 1131 1602 fonte
1154 1567 1276 1601 fluxisse
1298 1567 1478 1604 videantur:
1500 1579 1606 1604 tamen
1628 1573 1701 1605 rati·

287 1642 290 1644 -
322 1629 384 1650 one
417 1617 562 1648 omnium
586 1616 660 1648 Plnt.
685 1615 869 1658 mythorum
893 1626 960 1647 uon
982 1614 1109 1658 probari
1128 1613 1239 1657 potest.
1296 1614 1474 1646 Multorum
1498 1616 1583 1648 enim
1607 1627 1698 1659 argu-

320 1671 467 1694 mentum
498 1662 526 1691 &
556 1660 681 1692 indoles
711 1659 755 1691 est
778 1659 954 1697 eiusmodi,
977 1668 1010 1691 vt
1031 1660 1084 1690 vix
1107 1659 1226 1690 Socrati
1247 1657 1345 1689 tribui
1367 1659 1490 1701 poffint.
1544 1661 1578 1692 Si
1600 1661 1699 1703 igitur

321 1706 471 1752 mythum
502 1705 638 1749 aliquem
673 1705 792 1738 Socrati
822 1703 959 1737 tribuere
991 1704 1143 1742 velimus,
1173 1704 1207 1736 in
1235 1710 1363 1747 promtu
1398 1702 1458 1742 est,
1489 1712 1560 1737 ante
1590 1707 1697 1739 omnia

323 1752 496 1787 videndum
519 1751 597 1789 effe,
621 1762 661 1782 an
682 1761 748 1789 res,
772 1761 852 1792 quae
878 1750 989 1793 mytho
1013 1751 1233 1785 continentur,
1256 1748 1295 1779 nb
1322 1749 1454 1790 ingenio
1476 1750 1608 1782 Socratis
1631 1763 1697 1787 non

322 1797 381 1829 fint
404 1798 532 1828 alienae.
578 1797 642 1826 Iam
665 1793 687 1825 fi
709 1794 849 1825 nostrum
873 1793 1021 1837 mythum
1044 1793 1212 1835 diligenter
1233 1792 1479 1835 perlegerimm,
1502 1793 1580 1825 nihil
1602 1794 1697 1827 inesse

321 1842 531 1887 reperiemus,
561 1838 649 1883 quod
676 1849 734 1871 nos
762 1838 886 1876 iubeat,
918 1838 1036 1871 Socrati
1058 1848 1133 1871 eum
1156 1836 1304 1871 tribuere.
1349 1837 1498 1876 Accedit,
1522 1837 1608 1882 quod
1631 1850 1698 1873 non

322 1887 483 1932 probabile
504 1885 566 1923 est,
588 1884 826 1927 ArIstophanem
851 1884 999 1927 mythum
1022 1895 1108 1916 nunc
1135 1894 1275 1915 enarrare
1307 1883 1374 1915 aliis
1401 1884 1464 1914 iam
1489 1895 1528 1915 ex
1551 1883 1699 1917 sermoni-

322 1934 384 1964 bus
408 1931 540 1962 Socratis
567 1937 697 1964 notum,
720 1937 813 1969 atque
843 1928 921 1958 adeo
942 1927 1007 1969 ipso
1036 1929 1161 1958 Socrate
1183 1925 1350 1968 praesente.
1395 1928 1435 1958 Et
1456 1925 1477 1957 fi
1502 1928 1596 1958 etiam
1626 1939 1699 1960 eon-

323 1976 489 2011 cedamus,
511 1973 587 2006 haee
616 1983 681 2005 non
710 1972 880 2016 impedire,
903 1982 968 2015 quo
997 1972 1103 2004 minus
1135 1970 1221 2003 hune
1250 1970 1397 2015 mythum
1426 1971 1617 2005 Socraticum
1638 1972 1699 2005 eise

323 2023 484 2057 dimnus,
522 2029 629 2051 tamen
669 2029 734 2051 non
770 2019 814 2050 ita
849 2017 980 2050 statuere
1016 2018 1206 2061 poterimus,
1240 2027 1341 2059 quum
1373 2018 1514 2049 Socrates
1535 2016 1615 2060 ipse,
1640 2018 1699 2050 siin

324 2069 362 2101 de
385 2070 503 2099 Amore
520 2063 683 2107 {sententia
709 2062 880 2105 propofit-a,
910 2073 1020 2096 omnes
1048 2062 1269 2105 praecedentes
1299 2062 1473 2098 orationes,
1505 2070 1597 2102 atque
1620 2062 1697 2093 adeo

325 2115 418 2148 etiam
440 2108 653 2154 Aristophanis
676 2107 867 2142 refutauerit.
1118 2127 1126 2130 -
