1883 2387
1595 130 1628 180 7

167 237 169 239 ’
217 249 347 294 quum
368 232 611 281 homim1m''
620 250 754 294 genus
785 236 1012 280 masculum
1041 251 1066 280 e
1089 232 1262 281 duobus*
1284 235 1462 281 maribus
1488 236 1687 294 compost-

217 310 306 339 tum
330 298 442 351 effer,
481 314 589 341 nunc
622 300 708 354 post
729 299 943 341 sectionem
969 299 1100 341 adhuc
1119 297 1287 342 masculi
1309 300 1417 351 sunt,
1441 302 1511 356 qui
1536 299 1686 355 cupidi·

214 369 293 402 tate
313 358 387 403 >sui
419 359 535 402 sexus
569 361 761 412 ferantur,
792 372 1022 416 appetentes
1051 360 1164 418 quati
1195 362 1393 403 seiunctae
1422 359 1515 403 suae
1543 363 1683 416 parti83

212 433 342 475 quum
381 422 566 464 homines
589 435 613 463 e
643 435 792 475 genere
824 421 1017 465 feminino
1049 435 1183 464 vetere
1213 421 1368 463 duabus
1399 420 1568 463 feminis
1588 436 1682 463 con-

211 481 374 535 starent,
412 494 518 524 nunc
555 483 675 523 etiam
696 480 886 524 mulieres
917 481 1113 539 quaedam
1140 482 1199 525 sui
1227 480 1345 524 sexus
1376 480 1467 524 sunt
1496 481 1681 538 cupidae;

211 554 339 598 quum
369 542 470 596 deni,
489 556 542 585 ue
569 542 850 598 androgynum
879 557 1008 598 genus
1038 558 1089 586 ex
1109 555 1221 599 parte
1247 542 1340 586 effet
1362 541 1606 593 masculum,
1631 557 1681 585 ex

208 613 323 658 parte
348 603 372 645 f
444 654 448 657 ,
514 617 604 655 um,
629 617 736 645 nunc
760 616 926 660 quoque
956 617 1087 647 mares
1110 605 1349 647 feminarum
1371 617 1509 647 amore
1530 602 1680 646 ducun-

209 675 294 716 tur,
329 674 368 707 ta
430 659 452 671 ”
478 678 522 707 m
551 663 712 709 studiofi
745 662 905 707 alterius
934 664 1027 708 suae
1048 667 1179 722 partis,
1208 676 1279 721 14.
1340 667 1456 708 Haec
1477 666 1601 721 igitur
1624 664 1679 707 est

208 727 269 767 vis
306 723 334 768 il
493 728 598 778 oriS,
642 739 764 782 quam
800 726 1081 783 Aristophanes
1120 739 1370 770 enarraturus
1410 738 1514 779 erat,
1549 740 1679 783 eaque

207 786 353 830 cernit'
478 789 664 830 varietate
695 786 766 830 seu
797 786 950 831 ambitu
972 791 1142 841 amoris,
1172 791 1242 845 qui
1264 786 1315 830 ab
1337 786 1571 831 hominibus
1595 800 1679 844 par-

206 849 281 891 tim
312 851 355 891 in
381 847 520 901 suum,
550 850 755 904 partimin
785 845 955 891 alterum
989 850 1128 892 {exum
1150 860 1369 895 exercetur,
1432 852 1517 893 Iam
1542 862 1593 890 ex
1615 849 1678 891 his

205 907 335 953 modo
367 908 480 951 dictis
508 912 654 966 cuique
685 912 805 951 etiam
834 909 1054 965 apparebit,
1084 912 1297 953 lententias
1320 911 1448 965 mythi
1470 911 1677 967 primarias

203 969 319 1027 supra
347 967 478 1012 allatas
508 981 616 1012 recte
649 968 727 1012 effe
759 983 811 1012 ex
841 974 952 1012 omni
983 972 1125 1026 mytho
1155 983 1301 1016 erutas.
1363 974 1468 1013 Nam
1496 971 1544 1013 ad
1567 968 1675 1013 illam

204 1033 352 1074 amoris
387 1033 617 1074 varietatem
638 1028 925 1086 explicandam,
955 1046 1057 1087 opus
1082 1042 1165 1073 erat
1187 1031 1349 1075 fictione
1368 1031 1584 1074 hominum
1607 1030 1675 1074 du·

202 1090 390 1150 plicium,
411 1090 552 1136 deinde
572 1089 843 1135 seiuntstorum
865 1091 1037 1149 suaeque
1057 1094 1177 1149 partis
1201 1091 1395 1149 separatae
1418 1091 1675 1150 cupidorum.

363 1249 671 1295 Transeundum
695 1263 806 1293 nunc
827 1250 882 1292 est
904 1250 951 1293 ad
975 1249 1280 1308 descriptionem
1304 1252 1437 1293 indolis
1459 1251 1498 1293 δι
1517 1260 1680 1306 natm-ae

202 1314 321 1358 nostri
354 1315 502 1368 mythi,
532 1315 601 1369 qui
637 1326 658 1353 a
682 1314 843 1353 caeteris
870 1313 1015 1365 mythis
1038 1311 1227 1364 Platonis,
1252 1316 1493 1355 nominatim
1514 1326 1585 1364 eo,
1605 1315 1677 1371 qui

199 1376 298 1419 infra
335 1388 400 1430 15.
424 1387 426 1389 ·
481 1374 633 1416 Socrati
663 1383 680 1415 t
775 1373 869 1423 ‘ur,
897 1371 1116 1415 admodum
1137 1372 1317 1417 diuersus
1341 1373 1408 1420 est,
1470 1375 1674 1417 Nimirum

199 1437 361 1491 mythus
394 1437 565 1479 Socratis
600 1447 672 1488 arg
778 1429 785 1436 '
815 1434 906 1475 est
928 1436 1059 1489 magis
1088 1433 1177 1477 serii
1199 1435 1241 1477 ἃ
1263 1437 1315 1478 ita
1340 1434 1611 1491 compofims,
1632 1446 1675 1477 vt

197 1495 456 1541 artificiofius
483 1496 620 1538 omnia
651 1490 716 1537 ea'
752 1501 754 1503 '
845 1492 1092 1546 deriuentur,
1124 1508 1227 1554 quae
1258 1498 1440 1539 Socrates
1464 1495 1514 1540 de
1534 1506 1673 1539 natura

198 1561 363 1603 Amoris
385 1557 498 1608 dicit3
519 1555 792 1612 Aristophanis
814 1567 947 1598 autem
969 1557 1130 1612 mythus
1151 1559 1327 1613 pertinet
1349 1556 1400 1600 ad
1425 1555 1567 1601 laetius
1588 1571 1670 1613 my-

198 1621 367 1664 thorum
400 1632 529 1675 genus
559 1630 678 1674 atque
707 1613 809 1663 facili
839 1631 958 1673 opera
988 1621 1024 1660 ei
1047 1620 1183 1662 omnia
1207 1618 1546 1675 superstruuntur,
1566 1632 1671 1676 quae

197 1681 246 1725 ad
267 1678 467 1725 ambitum
486 1680 641 1738 imperii
662 1680 824 1722 Amoris
844 1677 1116 1724 illustrandum
1140 1681 1407 1737 proferuntur.
1469 1686 1525 1725 Vt
1545 1683 1670 1737 igitur

197 1746 362 1789 Socrati·
381 1746 536 1787 animus
559 1752 662 1794 erat,
685 1741 824 1796 mytho
843 1741 916 1785 suo
941 1744 1069 1798 magis
1093 1741 1288 1795 edocere,
1311 1756 1434 1801 quam
1455 1741 1668 1797 delectare,

193 1805 252 1853 fic
283 1805 552 1864 Aristophanis
581 1806 718 1849 animo
739 1804 867 1859 magis
888 1803 968 1849 hoc
989 1805 1253 1863 propositum,
1268 1817 1371 1858 erar,
1403 1817 1446 1850 vt
1468 1805 1668 1911 aultliiltores

1459 1881 1509 1910 ex
1540 1880 1554 1909 1
1569 1881 1606 1910 a·

199 2029 249 2059 14.
275 2016 370 2051 Conf.
398 2018 490 2054 XVI,
528 2027 554 2049 1.
580 2027 610 2049 2.
640 2018 702 2049 Hie
724 2017 809 2049 enim
831 2017 939 2053 locus,
962 2015 1051 2048 cuius
1074 2015 1198 2049 sensum
1222 2017 1256 2048 in
1280 2024 1425 2048 contexta
1447 2017 1589 2049 oratione
1613 2025 1665 2048 ex-

284 2063 391 2108 preffi,
420 2061 543 2095 videtur
565 2063 733 2105 primarius
757 2061 834 2102 effe,
857 2061 879 2096 fi
904 2061 942 2095 de
966 2061 1091 2097 consilio
1115 2061 1330 2107 Aristophanis
1354 2070 1533 2109 quaeratur·

198 2157 214 2187 ς
248 2146 320 2179 Via.
346 2145 462 2185 xxm,
484 2155 515 2185 4.
541 2154 573 2186 ⁵·
598 2149 628 2181 6.
