1883 2387
288 121 321 165 6

228 240 371 288 rirem‘,
413 237 722 292 metuendumque
752 238 860 291 estet,
899 250 943 277 ne
980 245 1103 278 totum
1143 235 1342 279 humanum
1381 249 1504 294 genus
1535 239 1707 291 periret.-

229 299 378 353 Iupiter
413 298 563 338 tandem
601 298 853 349 mfiricordia
884 298 1034 350 ductus,
1063 307 1176 353 caput
1207 299 1335 350 rurfits
1363 301 1543 348 inuenit,
1574 300 1631 338 ita
1663 306 1707 337 vt

231 374 328 400 nunc
370 358 506 400 liberos
544 374 748 414 procreare
785 357 968 413 postem]2
1012 374 1060 400 12.
1097 386 1153 394 --
1231 361 1326 401 Non
1366 361 1507 402 omnia
1543 360 1585 401 in
1626 357 1708 400 hoc

228 421 371 474 mytho
401 422 456 461 ita
491 419 581 461 sunt
611 430 856 473 comparata,
896 430 938 460 vt
967 421 1018 461 iis
1051 417 1202 462 omiffi's
1239 418 1451 461 confilium
1485 419 1708 474 Aristopha-

228 482 290 523 nis
322 482 558 536 primarium
589 482 714 522 teneri
744 493 826 522 non
857 476 1003 535 posset,
1038 481 1170 524 immo
1201 477 1397 523 nonnulla
1434 478 1484 523 ad
1516 477 1710 522 illustrat}

230 555 355 584 onem
379 543 419 584 ἃ
451 543 760 583 exornationem
809 552 967 582 tantum
1006 544 1214 596 pertinent.
1298 540 1528 584 Consilium
1565 552 1709 597 poetae

228 601 471 657 postulabat,
507 606 550 643 vt
582 603 761 657 primum
800 613 1193 644 commemoraretur
1224 599 1367 658 triplex
1394 603 1612 645 hominum
1642 615 1710 656 ge·

230 676 331 716 nus,
368 660 575 719 duplicatis
610 664 793 719 corporis
829 660 1006 719 parthus
1045 660 1306 719 instrt16lun13
1362 661 1505 706 deinde
1532 661 1708 706 diffed'tio

231 740 253 766 a
290 728 392 767 loue
421 724 617 774 instituta3
661 723 836 781 denique
866 722 1107 767 defiderium
1151 724 1345 781 separatae
1381 727 1500 781 partis
1530 738 1581 766 ex
1614 738 1709 767 con-

230 784 438 830 iunctione
472 785 628 841 pristina
666 797 868 828 exortum.
932 785 996 828 Ad
1021 784 1324 828 illustrationem
1345 796 1482 829 autem
1513 788 1709 842 pertinent

232 862 300 898 ea,
328 860 433 904 quae
464 849 607 889 Iouem
644 846 693 888 ad
727 844 947 889 restionem
987 845 1155 889 mouiffe
1184 845 1389 896 dicuntur:
1430 849 1628 889 nimirum·
1655 845 1711 904 se-

231 908 333 951 ditio
370 907 737 964 antiquiffimorum
774 908 993 950 hominum
1031 911 1072 949 in
1104 908 1184 951 deo
1230 921 1374 961 ληιοῑει,
1406 922 1510 966 quae
1541 907 1708 965 quidem

233 971 421 1025 proxima
446 967 631 1011 sectionis
662 979 748 1010 erat
779 967 924 1020 cauffa3
952 970 991 1010 &
1014 967 1157 1010 vtilitas
1238 968 1510 1026 multiplicatis
1540 971 1712 1012 homini·

233 1030 311 1073 bus
339 1028 539 1087 speranda.
613 1031 734 1090 Qae
774 1042 897 1084 porro
932 1027 1109 1084 Apollini
1141 1027 1216 1072 trib
1253 1033 1329 1073 'tur
1358 1031 1531 1073 inverslo
1557 1032 1639 1072 oris
1659 1028 1710 1071 ad

235 1106 325 1135 cam
353 1101 527 1148 partem,
558 1087 624 1132 vbi
654 1087 778 1132 [cilio
811 1088 912 1132 fasta
942 1100 1044 1141 erat,
1075 1103 1122 1131 ea
1155 1044 1320 1147 quiffim
1348 1102 1504 1134 tantum
1524 1090 1572 1133 ad
1593 1104 1710 1133 exor-

234 1156 446 1205 nationem
488 1153 672 1207 pertinet.
749 1151 1033 1206 Aristophanes
1077 1153 1185 1193 enim
1222 1152 1453 1195 inuerfione
1491 1153 1566 1194 hac
1602 1166 1712 1195 com-

235 1207 461 1257 memorata
492 1209 547 1253 nil
581 1212 654 1254 nisi
684 1213 794 1253 Iouis
824 1213 925 1253 iram
946 1211 1077 1254 sistere
1109 1211 1149 1253 δι
1180 1210 1375 1255 declarare
1406 1210 1512 1265 vult,
1544 1224 1587 1256 vt
1617 1226 1712 1269 pau·

235 1275 278 1319 lo
316 1275 483 1319 inferius
523 1273 814 1316 restitutionem
855 1274 1002 1329 prioris
1042 1273 1197 1315 formae
1227 1287 1249 1316 a
1287 1273 1577 1327 misericordia,
1609 1273 1720 1328 lucri¹

235 1335 366 1379 studio
397 1337 585 1386 excitata,
615 1335 822 1387 originem
853 1332 1027 1383 traxiffe,
1059 1346 1142 1376 non
1170 1332 1336 1378 obscure
1357 1335 1564 1390 fignificat.
1627 1339 1714 1378 Iam

237 1407 283 1440 vt
322 1396 442 1447 haec,
479 1408 584 1451 quae
621 1392 816 1437 hactenus
849 1393 950 1446 dixi,
982 1392 1072 1450 plus
1104 1396 1298 1453 acciniant
1329 1394 1452 1447 lucis,
1485 1396 1537 1440 de
1567 1399 1713 1452 consilio

235 1459 429 1514 orationis
468 1455 761 1510 Aristophanis,
801 1469 904 1512 quae
938 1456 1080 1510 mytho
1118 1453 1443 1515 illoutanquam
1480 1457 1714 1500 fundamen·

238 1529 318 1570 to,.
340 1519 498 1569 nititur,
536 1529 661 1572 pauca
702 1515 921 1558 adiicienda
952 1513 1055 1564 sunt,
1132 1515 1415 1574 Aristophanes
1447 1516 1530 1575 ipse
1561 1517 1713 1562 confili-

237 1579 321 1634 um}
341 1577 458 1621 suum
489 1580 531 1620 in
555 1576 786 1620 vniuersum
804 1578 861 1620 fic
895 1575 1082 1621 declarat:
1142 1581 1227 1631 „iva
1247 1582 1410 1626 πιιμὶημη
1431 1587 1493 1626 ῡμῖι
1513 1584 1712 1628 cimba-aean,

239 1647 286 1683 ,ἢν
308 1646 416 1689 κόμμι,
439 1645 542 1688 ἔμω.
589 1652 658 1694 ¹3·
722 1640 819 1682 Vim
850 1641 974 1696 igitur
1001 1639 1042 1681 &
1065 1641 1285 1696 potentiam
1306 1642 1469 1682 Amoris
1497 1637 1583 1683 vult
1607 1654 1714 1686 enar-

239 1716 340 1744 rare.
403 1702 522 1761 Qae
551 1711 688 1743 autem
710 1698 775 1743 illa
802 1700 857 1743 est
880 1703 941 1743 vis
974 1701 1013 1743 δε
1037 1701 1242 1758 potentia?
1265 1703 1464 1744 Oratione
1486 1706 1631 1758 poetae
1663 1703 1712 1747 ad

240 1764 369 1806 finem
410 1759 584 1817 perlecta
635 1774 815 1818 apparet,
852 1776 951 1804 eum
997 1760 1215 1805 describere
1260 1760 1432 1805 voluiffe
1469 1755 1564 1809 viti
1602 1780 1713 1819 eam3

241 1838 368 1882 quam
395 1835 555 1865 exercet
586 1837 669 1865 non
693 1835 850 1865 tantum
881 1826 923 1865 in
945 1825 1133 1867 homines
1159 1824 1306 1866 diuerfi
1325 1823 1463 1877 sexus,
1494 1825 1560 1867 sed
1591 1830 1713 1870 etiam

238 1888 283 1928 in
316 1885 506 1927 homines
537 1885 657 1926 vnius
691 1884 959 1941 eiusdemque
987 1887 1167 1940 generis,
1196 1884 1297 1928 adeo
1328 1896 1369 1927 vt
1394 1888 1453 1927 vis
1486 1883 1549 1927 illa
1578 1888 1617 1929 &
1648 1903 1716 1946 po-

239 1948 366 1989 tentia
396 1946 488 1989 infit
516 1947 559 1987 in
586 1943 760 1998 ambitu,
792 1959 919 2004 quem
946 1949 1076 1993 Amor
1104 1944 1239 1994 habet.
1301 1949 1449 2009 Qum
1483 1951 1593 1990 enim
1621 1954 1716 1993 anti·

1524 2022 1654 2068 quum

248 2077 297 2102 u..
319 2065 393 2099 Vid.
414 2062 494 2098 ibid.
516 2065 545 2106 §.
574 2075 605 2105 ς.
629 2069 661 2101 6.

249 2159 261 2181 ι
269 2159 297 2187 3.
319 2148 393 2182 vid.
414 2148 505 2185 xlv,
529 2157 560 2182 2.
