1883 2387
201 1306 467 1412 Iamdudum
505 1366 672 1426 quidem
703 1365 822 1411 multi
851 1366 1033 1420 fuerunt,
1064 1369 1136 1425 qui
1165 1366 1217 1412 de
1247 1367 1396 1423 mythis
1428 1364 1599 1413 Platonis
1631 1369 1682 1412 in*

201 1431 433 1474 vuiuersum
472 1441 656 1486 agerent,
685 1441 807 1487 atque
843 1427 894 1471 de
923 1427 1090 1485 fingulis
1126 1432 1248 1471 etiam
1278 1429 1510 1472 sententiam
1543 1427 1675 1473 breui·

200 1505 261 1536 ter
298 1492 494 1548 dicerent,
536 1504 573 1539 1.
611 1490 697 1543 sed,
735 1493 807 1548 qui
844 1505 895 1534 ex
935 1492 1054 1534 omni
1091 1504 1203 1548 parte
1242 1489 1427 1547 fingulos
1457 1490 1673 1536 confidem·

200 1556 321 1605 verit,
351 1556 420 1610 qui
457 1556 499 1596 in
532 1566 679 1596 eorum
707 1563 1016 1609 argumentum,
1047 1550 1286 1606 confilium,
1315 1550 1515 1605 indolem,
1546 1551 1672 1597 fic‘tio·

200 1617 262 1657 nis
299 1612 466 1667 caussas,
507 1615 638 1657 fontes
675 1616 897 1657 accuratius
926 1614 1197 1671 inquifiuerit,
1236 1628 1318 1658 non
1348 1617 1490 1671 reperi.
1552 1616 1670 1672 Equi·

201 1677 298 1719 dem
335 1675 449 1718 valde
482 1674 646 1728 dubito,
682 1689 731 1718 an
766 1676 910 1718 iustam
940 1679 1141 1718 rationem
1170 1675 1326 1733 sequuti
1356 1676 1451 1729 fint,
1483 1678 1556 1734 qui
1586 1679 1671 1720 uni-

200 1737 350 1782 versam
388 1738 680 1795 expositionem
709 1736 966 1794 susciperent,
1001 1735 1192 1793 singulari
1221 1741 1292 1781 ieu
1317 1735 1542 1796 particulari
1570 1751 1669 1782 non-

800 1836 818 1856 ,
850 1812 877 1843 2
1507 1799 1606 1843 dum

205 1921 231 1947 ¹.
253 1913 393 1947 Sufficiat
421 1911 594 1945 nominasse
623 1912 866 1945 recentiffimum
897 1913 937 1945 de
959 1913 1018 1946 hac
1040 1925 1073 1945 re
1095 1913 1256 1951 libellum,
1280 1924 1375 1956 quem
1398 1912 1438 1945 de
1460 1924 1494 1945 m
1509 1914 1580 1946 ‘this
1602 1915 1664 1946 Pla-

290 1959 373 1991 tonis
389 1969 414 1991 a.
433 1959 802 1995 CiDiDCCLXXXVIH.
822 1957 937 2002 scripfit
954 1960 1146 1996 Hiittnerus,
1171 1960 1307 2001 collegae
1325 1958 1468 1990 cariffimi
1485 1926 1585 1996 iilius,
1610 1960 1667 2003 qui

289 2005 464 2035 multorum
491 2002 644 2045 prouidus
666 2003 760 2034 urbes
782 2005 812 2035 δε
834 2013 938 2036 mores
959 2004 1125 2035 hominum
1149 2004 1299 2046 inspexit,
1322 2006 1351 2035 δε
1381 2014 1448 2035 non
1473 2004 1666 2036 mediocrem

289 2050 429 2080 nominis
460 2047 672 2079 celebritatem
703 2049 771 2080 aliis
801 2059 931 2092 quoque
955 2047 1073 2091 scriptis
1096 2048 1216 2081 iamdiu
1238 2046 1451 2090 consequutus
1475 2047 1529 2080 est.
1576 2048 1665 2083 Libri

292 2104 419 2133 eorum,
443 2094 499 2136 qui
521 2092 579 2126 hac
601 2091 640 2125 de
664 2103 697 2126 re
721 2102 837 2136 egunt,
859 2094 968 2139 paffim
990 2095 1026 2127 in
1047 2093 1157 2128 libello
1179 2093 1306 2128 laudato
1329 2102 1628 2128 commemorantur.
