1883 2387
223 220 460 283 popularem
504 221 562 271 δι’
576 219 828 283 ‘poetarum'
849 226 1024 268 carmina
1058 224 1190 268 fontes
1228 222 1307 268 ess'e
1345 215 1596 269 conficiunt(
1623 230 1649 267 2
1655 219 1697 275 52

225 286 354 348 Qod
388 286 438 329 ad
475 287 659 331 nostrum
697 288 882 341 mythum
917 289 1053 329 attinet
1087 288 1219 343 prima
1254 284 1462 328 allatarum
1489 283 1696 327 sententia·

223 347 318 390 r'um
348 350 519 391 veritatis
541 345 718 405 speciem
743 347 889 391 habere
911 346 1034 390 videri
1058 347 1204 404 potest,
1233 360 1363 406 quum
1383 359 1523 390 reuera
1545 347 1587 388 in
1611 357 1694 400 my·

223 408 296 453 tho
331 407 412 452 loci
453 412 720 461 inueniantur‚
759 412 829 466 qui
867 406 1020 465 placitis
1060 409 1343 464 Pythagorioee
1379 404 1538 450 scholae
1573 408 1694 448 nitan-

225 479 305 516 tur.
382 470 664 529 Aristophanes
701 468 847 514 scilicet
879 471 1089 528 antiquum
1120 483 1250 526 genus
1277 467 1501 513 masculum
1530 482 1553 510 a
1580 464 1695 520 Sole,

225 531 466 587 femininum
499 546 523 575 a
558 535 711 585 Terra,
747 531 1026 587 androgynum
1059 548 1082 575 a
1118 534 1233 575 Luna
1262 530 1471 577 deriuauit.
1500 528 1573 577 26·
1634 531 1695 572 Ex

225 592 291 634 his
309 596 313 599 ”
328 592 464 635 autem
492 593 678 636 concludi
702 593 847 650 potest,
877 594 1095 636 Comicum
1124 604 1306 636 naturam
1336 590 1457 634 lunae
1479 590 1603 648 ipsam
1624 604 1696 648 pu·
1747 600 1749 602 ’

226 652 321 696 tasse
355 658 517 703 irtessvvmg
541 655 621 699 hoc
649 654 724 707 est,
756 668 974 699 commune
1006 653 1103 712 quid
1134 669 1231 697 cum
1252 652 1337 698 sole
1359 654 1400 697 &
1423 665 1526 697 terra
1552 650 1696 696 haben-

226 712 332 768 tem,
355 716 474 777 atque
496 714 597 760 adeo
619 716 788 761 eandem
810 730 905 760 cum
929 710 1211 773 Pythagoraeis
1233 715 1283 760 de
1306 714 1399 759 luna
1420 713 1595 759 habuiffe
1614 713 1697 758 sen-

227 779 414 828 tentiam,
442 780 512 835 qui
545 780 737 835 nimirum
758 789 866 821 recte
886 776 1095 834 putabant,
1120 775 1256 821 lunam
1281 792 1303 820 a
1330 775 1416 821 sole
1436 775 1572 819 lucem
1594 777 1697 819 acci·

227 850 342 894 pere,
374 849 514 897 atque,
546 850 588 882 vt
618 851 784 892 terram,
812 851 989 896 opacum
1016 837 1094 881 esse
1118 852 1275 896 corpus.
1298 850 1371 895 27,
1434 841 1490 882 At
1511 838 1699 896 quamuis

227 899 310 943 non
337 899 495 956 prorsus
524 898 789 957 improbabile
818 900 883 953 stt,
912 900 1214 957 Aristophanem
1234 899 1305 943 seu
1334 903 1469 958 potius
1491 897 1700 943 Platonem

228 960 418 1016 mythum
447 960 564 1004 suum
591 959 750 1004 scholae
781 961 1068 1017 Pythagoricae
1093 960 1256 1015 debere,
1284 973 1419 1005 tamen
1438 958 1528 1019 plus
1551 974 1603 1003 ex
1625 957 1699 1003 illo

227 1020 324 1066 loco
354 1020 404 1064 de
433 1025 593 1077 origine
623 1022 842 1077 androgyni
872 1025 1031 1077 generis
1054 1022 1237 1066 concludi
1262 1022 1436 1075 videtur,
1459 1037 1581 1080 quam
1604 1035 1701 1065 vere

228 1078 339 1129 inest.
409 1085 568 1125 Poterat
599 1085 711 1124 enim
740 1081 854 1125 Plato
888 1082 935 1123 ad
964 1084 1224 1138 Pythagorica
1253 1083 1586 1141 dogmata,'quae
1606 1095 1701 1138 cog·

230 1146 311 1188 nita
336 1140 520 1196 haberet,
550 1142 768 1201 respicere,
793 1150 957 1200 *poterat
989 1146 1030 1186 in
1063 1146 1110 1188 iis
1141 1143 1262 1196 locis,
1290 1147 1359 1204 qui
1384 1142 1583 1203 quandam
1604 1158 1702 1187 cum

230 1206 600 1262 Rythagoraeorum
636 1203 802 1247 decretis
835 1203 1134 1248 fimilitudinem
1168 1204 1336 1259 habent,
1372 1206 1421 1249 ad
1457 1206 1613 1249 decreta
1639 1204 1704 1248 illa

231 1264 425 1317 alludere,
456 1267 505 1308 iis
536 1265 604 1309 sua
639 1265 916 1322 superstruere,
947 1267 988 1309 <St
1021 1279 1154 1309 tamen
1189 1266 1319 1323 ipsum
1343 1268 1528 1324 mythum
1552 1267 1626 1310 suo
1647 1269 1704 1309 in·

231 1330 355 1383 genio
386 1324 547 1372 debere.
616 1325 835 1383 Repudiata
862 1330 986 1382 igitur
1015 1328 1092 1369 hac
1120 1321 1329 1381 sententia,
1359 1329 1506 1388 sequor
1535 1326 1703 1372 illorum

231 1385 486 1439 sententiam,
528 1389 597 1446 qui
641 1385 859 1431 nonnullos
904 1388 1062 1442 mythos
1105 1404 1127 1430 a
1173 1387 1338 1432 Platone
1382 1391 1582 1434 confictos
1625 1389 1703 1434 ess‘e

231 1448 415 1503 censent,
447 1451 501 1491 ita
539 1460 582 1490 vt
612 1450 732 1491 etiam
761 1449 939 1492 nostrum
972 1451 1016 1491 in
1047 1464 1221 1493 numero
1250 1449 1415 1495 illorum
1445 1449 1520 1494 ess'e
1549 1461 1703 1508 putem.

230 1512 442 1569 Rationes,
481 1507 626 1567 quibus
660 1508 708 1551 ad
745 1509 847 1551 hanc
882 1508 1113 1553 sententiam
1148 1524 1323 1555 moneor
1357 1512 1449 1556 sunt
1491 1512 1589 1561 hae:
1625 1514 1703 1555 Pri-

232 1572 350 1616 mum
395 1571 557 1626 mythus
598 1584 685 1613 non
731 1568 889 1614 aliunde
933 1573 1079 1629 petitus
1118 1572 1266 1617 censeri
1306 1575 1437 1632 potest
1472 1586 1702 1633 propterea,

232 1632 344 1692 quod
392 1646 536 1675 omnes
580 1634 666 1675 eius
713 1644 843 1688 partes
889 1631 1085 1676 lectorem
1124 1646 1317 1687 monent,
1357 1650 1452 1678 eum
1490 1650 1576 1679 non
1615 1639 1703 1679 eius

232 1693 311 1739 effe
350 1695 527 1751 generis,
564 1704 608 1737 vt
643 1691 692 1736 ad
727 1696 832 1738 varia
870 1707 1104 1752 argumenta
1140 1696 1435 1742 accommodari
1468 1696 1607 1755 poffu,
1636 1697 1702 1743 sed

233 1759 368 1814 potius
398 1756 448 1799 ad
476 1757 557 1799 hoc
587 1756 838 1811 Sympofium
873 1757 1100 1800 ornandum
1132 1757 1182 1801 de
1213 1757 1396 1804 industria
1428 1759 1507 1802 effe
1539 1774 1702 1816 compo-

881 1855 899 1874 *
930 1853 948 1873 ιι
981 1829 1008 1862 2
1520 1820 1639 1869 suum

235 1946 289 1976 25.
310 1936 383 1970 vid.
408 1945 487 1977 quos
510 1934 650 1967 laudauit
677 1935 860 1967 Hiittnerus.
883 1935 903 1968 1.
927 1935 948 1967 l.
970 1946 1001 1979 p.
1035 1947 1084 1968 ιι.

235 2037 290 2066 26.
313 2031 385 2065 vid.
410 2042 435 2064 c.
457 2031 541 2068 XIV,
566 2034 596 2063 6.

235 2135 290 2169 27.
314 2125 385 2160 vid.
407 2127 442 2160 in
467 2124 542 2161 edit.
564 2125 660 2164 wolfi
684 2135 792 2162 notam
815 2122 1008 2171 Sydenhami
1029 2127 1067 2163 ad
1090 2128 1179 2169 xlv,
1202 2131 1234 2161 6.
