1883 2387
1564 110 1616 155 ¹3

199 204 466 273 Aristopfiane
502 217 679 268 confert,
722 226 793 272 30.
832 216 919 258 eius
958 213 1047 258 sunt
1077 217 1254 270 generiS,
1288 226 1331 258 vt
1371 214 1457 258 fieri
1489 227 1572 258 non
1605 226 1677 270 po·

200 280 342 330 tuerit,
380 280 477 335 quin
523 291 667 332 magna
705 280 911 320 comicum
945 275 1129 319 audiendi
1157 276 1261 334 apud
1292 290 1435 333 omnes
1465 275 1564 318 estet
1600 278 1678 318 avi-

201 337 314 381 ditas.
385 342 461 381 His
491 341 613 394 igitur
640 337 829 381 omnibus
859 338 914 380 fic
950 332 1207 395 praepaiatis,
1236 339 1310 381 hac
1342 353 1486 394 magna
1518 336 1676 393 exspec-

199 403 347 442 tatione
380 402 564 453 excitata,
595 414 693 442 num
729 397 942 442 verifimile
973 401 1044 452 est,
1074 400 1326 456 Aristophani
1349 398 1465 441 tribui
1492 400 1673 455 myth-nm

198 460 354 503 aliunde
385 463 465 503 iam
497 461 736 516 cognitum?
769 475 866 517 num
903 459 987 503 talis
1016 463 1174 517 mythus
1197 474 1402 517 tantopere
1428 459 1580 516 placere
1607 475 1674 516 po-

197 520 359 564 tuilset?
383 535 517 564 nonne
542 525 595 564 ita
620 525 806 564 omnium
826 520 1020 564 fefellisset
1042 522 1181 580 spem?
1214 522 1290 564 Sed
1314 523 1394 574 hoc
1418 536 1498 564 non
1527 520 1674 563 saelum

198 581 274 632 est,
312 584 443 625 immo
481 582 774 638 Eryxlmachus‘
806 582 1055 639 Aristophani
1095 583 1203 625 finita
1250 585 1430 626 oratione
1478 583 1582 624 hanc
1621 595 1672 624 ex

198 646 353 697 animo,
386 656 431 687 ut
453 643 627 698 videtur,
656 643 798 688 tribuit
822 642 998 690 laudernx
1030 651 1064 692 ,ψ’
1087 649 1170 689 λὲνις
1199 648 1279 685 ἡδέως
1307 651 1405 693 fiee-'em
1433 655 1501 700 31.
1534 646 1672 707 Qam

198 706 362 762 quidem
412 704 570 749 laudem
621 720 704 749 non
751 718 906 749 tantum
953 705 1172 749 venustates
1216 707 1408 747 orationis
1447 705 1672 762 Aristopha-

197 769 258 808 nis
289 764 481 823 reliquae,
517 766 582 810 sed
612 769 729 809 etiam
762 771 915 809 novitas
949 766 1075 822 mythi
1120 766 1240 821 ipfius
1280 766 1469 821 peperisse
1500 766 1669 812 videtur.

198 826 360 883 Lnsuper
393 829 514 870 etiam
549 841 631 870 non
661 826 872 884 probabile
905 827 980 878 est,
1010 824 1224 873 Platonem
1256 826 1444 869 recoxiss'e
1473 829 1671 882 mythum,

198 891 289 946 qnia
334 889 415 932 hoc
460 887 628 946 persona
673 889 794 946 ipfius
840 886 994 932 videtur
1032 886 1247 944 indignum
1287 887 1327 930 δι
1367 890 1458 946 quia
1498 887 1670 945 philoso-
1701 941 1703 943 ‚

197 950 300 1007 phus
358 964 408 991 ex
436 949 642 992 ‘sententia
674 952 866 993 omnium
914 948 1113 993 led‘torum
1161 951 1201 991 in
1250 950 1460 1005 Sympofio
1505 948 1670 1006 diligen-

195 1010 380 1055 tiffimam
441 1010 663 1055 collocauit
702 1025 893 1068 operam.
979 1011 1145 1067 Mythus
1199 1012 1325 1066 igitur
1378 1009 1566 1054 recostus
1615 1009 1668 1054 nil

196 1075 268 1116 nifi
297 1071 467 1125 macula,
498 1075 648 1116 eximio
671 1076 764 1115 artis
807 1076 921 1129 operi
960 1072 1155 1129 adspersa,
1192 1072 1308 1123 esset,
1344 1073 1384 1115 &
1412 1084 1547 1116 tamen
1586 1088 1668 1117 non

196 1138 403 1191 exig-uam.
432 1132 594 1193 reliquis
639 1136 823 1179 conuiuis
872 1132 1121 1191 voluptatem
1163 1131 1350 1187 anulare,
1387 1133 1550 1193 speique
1588 1148 1669 1177 ma-

193 1200 297 1252 gnae
327 1200 406 1239 iam
445 1194 557 1239 antea
595 1198 785 1239 excitatae
814 1195 1034 1240 satisfeciffe
1066 1198 1270 1252 repetitur.
1345 1198 1534 1254 Denique
1572 1210 1668 1240 non-

192 1272 243 1301 ne
282 1255 525 1313 probabilius
566 1257 643 1309 est,
688 1255 916 1309 Platonem,
954 1259 1023 1315 qui
1055 1254 1288 1300 adolescens
1319 1268 1528 1313 tantopere
1557 1258 1670 1314 poc-:fi

191 1317 471 1370 deledlaretur,
527 1320 779 1363 occasionem
839 1317 1020 1375 fingendi
1065 1321 1200 1376 potius
1247 1317 1503 1377 quaestuiss‘e,
1547 1333 1670 1379 quam

193 1380 489 1437 praetermisisse
534 1379 739 1426 oblatam?
794 1383 870 1422 His
918 1383 1045 1436 igitur
1089 1379 1308 1423 rationibus
1356 1392 1563 1436 permotus
1612 1396 1668 1423 ar-

194 1442 341 1493 bitror,
388 1441 604 1485 Platonem>
640 1443 829 1498 mythum
858 1455 943 1485 non
975 1440 1135 1496 aliunde
1178 1440 1388 1499 accepiss‘e,
1420 1441 1487 1485 sed
1531 1444 1666 1499 potius

194 1503 447 1560 excogitasse.
697 1503 702 1506 ’

353 1626 485 1668 Restat
510 1639 636 1678 nunc,
687 1637 729 1668 vt
766 1625 816 1668 ad
849 1640 896 1669 ea
934 1624 1225 1682 transgrediar,
1268 1638 1372 1682 quae
1411 1617 1663 1668 occassonem

192 1685 384 1730 scribendi
428 1687 634 1731 dederunt.
717 1690 862 1751 Qum
900 1689 1093 1731 nimirum
1134 1701 1184 1729 ex
1222 1700 1339 1730 more
1376 1699 1540 1743 recepto
1582 1688 1663 1729 hoc

192 1752 283 1792 anni
327 1762 506 1806 tempore
545 1763 712 1792 examen
752 1753 794 1793 in
824 1750 958 1795 nostro
994 1752 1129 1806 Lyceo
1161 1748 1449 1792 instituendum
1480 1750 1548 1801 fit,
1580 1763 1662 1792 non

191 1823 347 1853 tantum
380 1814 557 1853 muneris
589 1810 918 1872 ratiolpostulat,
949 1812 1166 1854 sedetiam
1196 1813 1315 1853 animi
1345 1811 1519 1852 studium
1550 1811 1658 1864 flagi-

192 1884 266 1925 tat,
318 1886 361 1915 vt
396 1871 582 1930 precibus
620 1872 913 1918 humaniss'lmis
958 1875 1152 1918 Patronos
1195 1875 1467 1976 fautoresqu¹e
1505 1871 1660 1974 nostrae

526 1936 529 1938 ’
1460 1933 1537 1976 cho
1553 1947 1600 1975 ae

195 2057 244 2086 30·
267 2048 338 2079 Vid.
364 2058 390 2079 c.
412 2049 502 2085 xm,
530 2058 558 2088 ς.
583 2052 612 2082 6.
635 2058 666 2090 7.
694 2054 724 2086 8.

193 2138 245 2166 31.
268 2129 343 2171 Cap.
368 2128 466 2165 XVII,
490 2139 520 2162 2.
