1883 2387
202 235 366 267 <omnes
388 224 560 277 constat,
582 222 751 281 'poetam
777 219 894 266 illum
924 219 1109 273 lubenter
1136 220 1233 266 deos
1260 219 1394 270 rififfe.
1464 217 1580 263 Idem
1612 218 1691 262 ani·

202 288 276 328 :mi
307 285 479 328 studium
507 285 639 342 prodit
673 287 715 326 in
747 285 864 326 variis
908 284 1032 339 mythi
1063 285 1102 326 ἃ
1134 282 1310 339 reliquae
1345 284 1536 326 orationis
1576 278 1691 332 locis,

203 345 385 389 ‚leuitatis
415 345 587 403 speciem
614 343 866 388 habentibus.
912 358 978 399 ¹9·
1041 350 1096 389 Vt
1121 345 1245 400 igitur
1274 343 1384 386 Plato
1413 342 1686 399 Aristophanis

214 411 423 463 ingenium
463 421 583 465 atque
611 422 745 450 mores
776 405 980 463 aptiss‘imis
1017 406 1222 450 coloribus
1250 405 1448 461 depinxit,
1480 407 1532 447 ita
1561 406 1685 446 etiam

212 466 337 513 simul
364 472 542 521 curauit,
573 480 616 511 vt
639 469 799 523 mythus
822 482 915 510 cum
938 467 1119 511 adiuncta
1144 470 1326 510 oratione
1353 469 1394 508 in
1424 469 1537 508 omni
1565 463 1686 507 dialo-

212 545 270 587 go
296 528 434 574 locum
464 528 663 574 obtineret
694 526 1071 576 commodiffimum.
1133 531 1295 586 Septem
1324 530 1434 571 enim
1453 528 1686 571 orationum

216 589 419 647 Sympossi'
448 591 722 648 Aristophanis
757 591 813 633 est
850 590 1005 641 media,
1039 601 1160 647 atque
1199 589 1322 641 adeo,
1351 603 1483 646 quum
1510 586 1686 647 reliquae

198 652 346 709 'magis
377 651 457 696 'fint
491 650 632 705 seriae,
660 650 710 695 ad
746 649 1041 695 exhilarandam
1073 651 1268 708 Symposii
1295 650 1527 693 societatem
1563 663 1685 707 quam

197 710 390 759 ‘maxime
416 712 546 758 valere
566 726 744 770 poterat,
766 712 869 757 adeo
891 726 933 756 vt
953 711 1140 770 dialogus
1159 713 1240 770 ipse
1259 715 1440 757 oratione
1463 716 1605 769 poetae
1628 725 1687 755 re-

200 789 308 831 :uera
322 775 405 819 *fiat*
422 774 698 832 symposiacus.
745 777 856 818 Patet
878 789 986 817 nunc
1012 790 1063 818 ex
1083 776 1213 819 modo
1232 774 1366 827 dictis,
1397 771 1573 818 indolem
1602 787 1686 829 my·

198 839 273 882 'thi
302 851 394 881 eam
424 831 521 891 elle‚·
545 844 588 880 vt
608 838 678 880 hic
702 840 846 894 partim
868 837 916 880 fit
938 836 990 880 e'x
1013 835 1169 881 laetiori
1192 851 1365 894 genere,
1394 838 1539 894 partim
1560 837 1684 880 etiam

213 900 254 942 &
279 897 468 956 personae
500 899 541 941 ἃ
571 901 685 943 omni
712 896 826 952 loco,
853 912 976 955 quem
1004 896 1178 952 obtinet,
1207 895 1609 943 conuenientiffimus.

373 1091 494 1133 Nunc
531 1086 648 1132 facile
688 1090 809 1132 etiam
856 1090 991 1144 cauffize
1031 1088 1164 1132 afferri
1206 1087 1383 1146 poliunt,
1430 1104 1500 1131 cur
1535 1088 1686 1145 mytbus

212 1153 480 1208 Aristophanis
500 1152 683 1207 §symposio
712 1155 884 1193 intextus
906 1154 972 1206 fit.
1035 1151 1147 1195 Plato
1172 1166 1265 1194 eum
1291 1150 1488 1195 inseruiss'e
1510 1151 1686 1203 videtur,

212 1216 305 1273 quia
345 1214 400 1256 fic
428 1212 639 1256 consilium
677 1210 967 1270 Aristophanis,
999 1216 1152 1256 varium
1190 1216 1350 1256 Amoris
1382 1215 1594 1269 imperium
1623 1212 1688 1255 de·

212 1273 405 1328 clarandi,
428 1272 615 1318 facillime
634 1276 781 1326 teneri,
811 1287 930 1332 atque
953 1273 1053 1317 adeo
1082 1272 1196 1318 nullo
1222 1277 1390 1331 negotio
1413 1272 1578 1331 intelligi
1602 1272 1687 1331 pos·

213 1337 291 1389 set,
320 1335 530 1394 quomodo
562 1335 631 1378 vsu
664 1335 846 1388 venifl‘et,
881 1349 922 1378 vt
956 1335 1018 1378 alii
1046 1336 1162 1379 suum
1186 1335 1348 1388 sexum,
1369 1335 1434 1379 alii
1456 1335 1628 1380 alterum
1649 1352 1686 1379 a·

158 1441 162 1445 ,
214 1409 383 1444 marem.
447 1400 561 1439 Haec
585 1400 693 1439 enim
719 1400 883 1440 varietas
906 1400 1054 1440 amoris
1077 1396 1292 1456 quomodo
1315 1398 1469 1441 facilius
1494 1397 1683 1456 explicari

141 1492 144 1495 -
207 1470 390 1518 poterat,
421 1473 543 1518 quam
575 1460 650 1511 ita,
682 1471 725 1501 vt
753 1459 914 1515 mythus
946 1460 1171 1516 fingeretur
1202 1458 1265 1515 deN
1277 1462 1442 1517 antiquo
1466 1460 1683 1504 hominum

207 1535 361 1578 genere
383 1518 549 1579 triplici,
571 1517 771 1577 duplicato
800 1535 973 1577 corpore
1003 1521 1235 1565 constante?
1295 1523 1500 1565 Praeterea
1525 1521 1604 1580 ipsa
1628 1521 1683 1566 di·

209 1582 321 1639 alogi
351 1585 477 1635 ratio,
499 1580 765 1639 sympofiacos
789 1581 999 1626 sermones
1028 1585 1285 1635 continentis,
1308 1581 1514 1628 Platonem
1535 1582 1683 1628 mouis-

194 1644 253 1697 ¹se
286 1643 462 1697 videtur,
488 1657 530 1687 vt
556 1641 667 1687 fiune
690 1642 868 1689 laetioris
891 1648 1052 1702 generis
1078 1645 1261 1702 mythum
1291 1647 1498 1690 intexeret.
1560 1649 1682 1710 Qae

211 1706 376 1766 quidem
403 1704 549 1760 cauffa,
579 1705 769 1755 vasacile
798 1710 925 1750 cui-vis
951 1709 1007 1750 in*
1024 1720 1202 1750 mentem
1230 1710 1356 1760 venit,
1388 1711 1440 1750 ita
1473 1721 1554 1752 non
1577 1723 1681 1766 opus

209 1769 287 1822 est,
319 1779 364 1812 vt
394 1766 553 1812 vberius
583 1766 634 1810 de
653 1781 707 1811 ¹ea
730 1781 888 1824 agatur.
951 1771 1088 1812 Statim
1114 1771 1239 1824 igitur
1259 1768 1308 1812 ad
1330 1771 1488 1813 tertiar'n
1510 1769 1680 1814 caussam

196 1828 407 1885 transibo,
428 1844 532 1891 quae
556 1842 639 1875 non
662 1841 816 1875 tantum
831 1833 881 1896 ⁴iu
902 1830 1005 1886 hoc,
1025 1829 1092 1875 sed
1115 1833 1235 1875 etiam
1256 1833 1304 1891 in
1322 1830 1407 1876 aliis
1426 1832 1571 1887 mythis
1600 1830 1681 1876 Pla-

791 1930 810 1950 ,
842 1932 861 1952 ,
1478 1906 1621 1939 tonem

217 2052 265 2085 19.
292 2043 452 2085 Quaedam
484 2044 642 2078 eiusmodi
672 2045 783 2077 leuitas
805 2044 884 2077 inest
905 2045 939 2077 in
962 2045 1102 2085 ratione,
1124 2056 1187 2088 qua
1210 2046 1328 2089 Iupiter
1349 2044 1388 2077 de
1408 2044 1578 2077 hominum
1601 2045 1680 2077 nnti-

300 2088 631 2173 gugaer’n'ingelemin
659 2090 835 2125 deliberans
864 2101 1037 2134 eorumque
1062 2101 1201 2157 poenam
1231 2089 1424 2125 constituens
1453 2088 1583 2131 listina-5
1613 2090 1676 2124 vid.
